% Encoding: UTF-8

@Electronic{pronouns,
  author       = {Abigail Saguy and Juliet Williams},
  year         = {2020},
  note         = {[Access 2020-05-20]},
  title        = {Why We Should All Use They/Them Pronouns},
  url          = {https://blogs.scientificamerican.com/voices/why-we-should-all-use-they-them-pronouns/},
}


@Electronic{apaDefinitions,
  author       = {{APA}},
  year         = {2021},
  note         = {[Access 2021-04-06]},
  title        = {Definitions Related to Sexual Orientation},
  url          = {https://www.apa.org/pi/lgbt/resources/sexuality-definitions.pdf},
}

@Electronic{apaLoneliness,
  author       = {Martina Luchetti},
  year         = {2020},
  note         = {[Access 2020-12-30]},
  title        = {The trajectory of loneliness in response to COVID-19},
  url          = {https://doi.apa.org/fulltext/2020-42807-001.html},
}

@Comment{jabref-meta: databaseType:bibtex;}
